<?xml version="1.0" encoding="UTF-8"?><collection xmlns="http://www.loc.gov/MARC21/slim"><record><leader>00417nam--2200145-i-4500</leader><controlfield tag="001">000014622</controlfield><controlfield tag="002">20161230</controlfield><controlfield tag="005">20161230201030</controlfield><controlfield tag="008">060222s1000------------r-----000-0-eng-d</controlfield><datafield ind1=" " ind2=" " tag="080"><subfield code="a">539.12.02:546.292(047.3)</subfield></datafield><datafield ind1=" " ind2=" " tag="100"><subfield code="a">Almeida, J</subfield></datafield><datafield ind1=" " ind2=" " tag="245"><subfield code="a">The capture cross section of the neon isotopes and the s-process neutron balance</subfield></datafield><datafield ind1=" " ind2=" " tag="260"><subfield code="a">Karlsruhe, Kernforschungszentrum, 1982 70 P</subfield></datafield><datafield ind1=" " ind2=" " tag="490"><subfield code="a">3347</subfield></datafield><datafield ind1=" " ind2=" " tag="852"><subfield code="a">18754</subfield></datafield></record></collection>